3920 5372
639 449 793 557 ‘mii
826 484 842 570 ς
878 451 1023 558 tues
1080 615 1082 622 ,

409 731 419 750 Ι
480 731 493 752 Ι
588 719 594 730 ⁶
1081 725 1085 734 ¹
1385 741 1396 760 a
1438 751 1441 756 .

217 726 1444 850 uuueeueeutteuett

557 995 657 1026 “’
780 985 878 1070 DE

391 1167 1267 1292 HYDRAULICA.
1438 1285 1442 1292 .

631 1379 1018 1450 mm»

425 1693 428 1698 .
520 1595 1058 1740 HYPOTHESIS„
1112 1597 1152 1698 I.

205 1737 375 1950 pono
424 1851 586 1938 fluidum
633 1857 675 1938 in
709 1765 803 1940 vase
844 1851 1031 1938 AGHB
1077 1873 1309 1940 contentum
1351 1841 1435 1939 esse'
1465 1869 1536 1964 mg.
1554 1867 1584 1937 1.

14 2083 19 2092 ,
200 1985 526 2104 homogeueum,
566 1990 612 2076 δι
654 1992 696 2074 in
727 1989 904 2104 ejusdem
937 1992 1150 2107 gravitatis
1183 1991 1320 2080 locum
1354 1990 1441 2122 sub-

197 2121 314 2212 stituo
347 2125 573 2215 Potentiam
601 2129 727 2245 ipsum
758 2131 922 2218 fluidum
955 2157 1230 2249 prementem.

500 2337 1020 2442 HYPoTHEsls
1073 2287 1165 2438 11}

310 2569 517 2676 Quoniam
558 2567 759 2657 velocitas
806 2569 916 2664 fluidi
966 2596 1165 2688 augetur,
1216 2571 1310 2657 dum
1353 2576 1436 2658 exit

195 2705 361 2796 fluidum
391 2707 585 2797 foramine
613 2705 694 2794 'IK
726 2705 827 2792 vasis
854 2705 1044 2792 AG'HB
1057 2773 1070 2816 ‚
1107 2713 1296 2827 concipio
1328 2715 1441 2828 juxta

194 2843 376 2934 foramen
402 2845 528 2964 ipsum
557 2843 645 2934 fieri
663 2845 879 2964 Gurgitem
913 2845 951 2932 E
957 2846 1032 2931 II(
1037 2847 1079 2933 F
1107 2849 1324 2938 altitudinis
1350 2849 1436 2936 fini·

192 3009 272 3091 tae,
304 2991 360 3071 ita
389 3011 432 3072 ut
468 2985 632 3072 fluidum
670 2984 716 3070 in·
746 3014 797 3070 eo
836 3007 1068 3072 contentum
1108 3012 1350 3095 moveatur,
1387 2993 1433 3075 δί

193 3125 235 3206 in
269 3123 405 3234 quiete
435 3149 593 3210 maneat
638 3123 805 3208 alterum
839 3121 878 3204 E
885 3121 966 3206 NI
967 3121 1034 3229 G,
1076 3123 1215 3216 FRK
1223 3129 1271 3214 H
1305 3127 1430 3218 limit'e

193 3257 406 3378 Gurgitis,
443 3257 488 3344 &
514 3255 616 3346 vafis
648 3259 805 3373 pariete
839 3259 1193 3374 comprehensum.
1287 3249 1289 3253 ’

645 3467 984 3558 Senomuu.

202 3665 206 3676 ⁸
303 3677 433 3770 Faua
463 3680 543 3766 hac
573 3680 787 3799 hypothesi
816 3705 983 3800 augetur
1020 3713 1093 3802 pet
1131 3687 1280 3802 gradus
1311 3689 1427 3776 velo-

192 3815 296 3900 citas
327 3817 460 3925 fluidi,
505 3817 614 3934 quod
645 3815 904 3907 necessarium
936 3818 1022 3925 est,
1062 3844 1105 3906 ut
1149 3827 1295 3940 majori
1337 3856 1430 3912 cum

190 3954 411 4044 velocitate
442 3985 561 4047 exeat
593 3957 787 4046 fotamine
821 3955 850 4042 I
849 3955 895 4038 K
905 4019 917 4042 .
954 3956 1020 4043 Ad
1049 3981 1201 4048 motum
1230 3961 1341 4048 fluidi
1369 3965 1428 4046 in-

189 4093 467 4210 vestigandum
506 4097 653 4188 institui
704 4097 902 4186 calculum
945 4129 1020 4214 pro
1068 4100 1211 4215 quevis
1245 4097 1431 4216 Gurgitis

189 4227 345 4344 egum
381 4259 552 4348 cumque
583 4268 664 4327 non
692 4223 892 4354 potuerim
921 4233 1214 4347 determinare,
1250 4264 1426 4358 quanam
