3948 5374
768 413 772 424 ’
897 439 1043 542 unat
1076 471 1154 528 210
1182 441 1334 547 nque

613 658 1127 748 conomm1uu.'Hinc
1162 663 1405 752 manifestum
1441 669 1522 773 est,
1563 669 1669 785 quod
1708 671 1736 756 fi

498 795 600 879 ratio
634 791 709 876 M:
729 793 777 876 K
801 795 846 878 fit
891 801 1019 910 major
1058 803 1214 889 ratione
1250 803 1345 891 DC
1377 807 1427 892 ad
1470 811 1614 894 lineam
1650 841 1737 924 quae

496 932 625 1046 potest
668 931 928 1048 quadruplum
963 934 1235 1053 reslangulum
1270 945 1304 1024 C
1315 941 1354 1024 E
1369 944 1442 1048 D,
1475 945 1582 1032 falla
1618 951 1650 1032 C
1664 949 1737 1036 H:

496 1065 588 1152 EO
623 1071 664 1152 in
694 1087 744 1153 e'a
779 1073 932 1156 tatione
976 1075 1051 1158 erit
1081 1071 1241 1157 EO<
1266 1075 1304 1160 E
1316 1077 1372 1160 M
1383 1119 1396 1183 3
1442 1082 1624 1198 adeoque
1667 1117 1740 1200 per

496 1207 685 1322 pundlum
722 1208 760 1290 Ο
791 1207 884 1292 duci
918 1239 997 1294 non
1033 1213 1181 1323 poterit
1216 1213 1359 1318 tecla,
1398 1247 1487 1334 quae
1528 1223 1738 1311 circumfe-

496 1349 664 1433 rentiam
694 1344 930 1432 semicirculi
964 1371 1127 1462 tangat.
1152 1353 1207 1432 At
1239 1348 1266 1431 fi
1297 1355 1399 1436 ratio
1429 1355 1505 1438 M:
1523 1353 1575 1436 N
1598 1358 1642 1440 fit
1670 1363 1740 1444 mi·

497 1515 570 1568 nor
600 1485 753 1568 ratione
784 1485 880 1568 Dc
913 1484 964 1568 ad
994 1483 1169 1590 tesiam,
1197 1515 1286 1601 quae
1316 1489 1444 1600 potest
1475 1494 1738 1610 quadruplum

499 1622 769 1738 rellangulum
809 1622 896 1704 CE
911 1621 980 1726 D,
1028 1622 1136 1710 falla
1170 1623 1285 1708 CH:
1299 1625 1338 1707 E
1353 1627 1390 1709 G
1427 1630 1467 1710 in
1500 1661 1550 1716 ea
1585 1637 1738 1722 ratione

497 1763 572 1846 erit
604 1759 644 1844 E
664 1765 700 1846 G
723 1795 764 1849 >
789 1757 917 1864 EM,
954 1789 1002 1843 ac
1045 1791 1116 1875 per
1160 1759 1401 1874 consequens
1441 1795 1511 1876 pet
1551 1767 1739 1880 pundlum

502 1897 541 1980 G
570 1900 664 1984 duci
697 1903 845 2014 poterit
878 1932 956 1984 una
992 1903 1097 2002 CI,
1133 1925 1254 2015 atque
1290 1901 1369 1983 alia
1403 1899 1502 2005 Gi,
1538 1933 1627 2017 quae
1663 1911 1741 1990 cir·

499 2035 797 2122 cumferentiam
825 2038 1062 2122 semicirculi
1088 2063 1257 2154 tangant
1291 2041 1331 2120 in
1358 2039 1511 2153 pundlis
1539 2042 1568 2123 Ι
1574 2043 1612 2127 i.
1645 2050 1742 2129 Ani-

498 2171 726 2257 madvettas
756 2175 910 2279 velim,
946 2175 1054 2290 quod
1088 2177 1115 2259 fi
1150 2177 1196 2260 fit
1228 2173 1268 2257 E
1283 2172 1322 2256 G
1366 2178 1493 2259 minor
1526 2177 1638 2264 radio
1681 2179 1741 2267 se-

497 2309 722 2411 micirculi,
750 2310 899 2424 punsla
931 2313 975 2395 F
975 2309 1015 2425 f
1032 2314 1071 2395 in
1113 2312 1252 2427 quibus
1287 2312 1487 2428 praedislae
1527 2341 1740 2432 tangentes

500 2473 714 2534 occurrunt
741 2449 862 2537 rediae
889 2447 1018 2554 AB,
1054 2448 1200 2536 cadent
1243 2454 1284 2534 in
1319 2453 1502 2540 eamdem
1544 2455 1739 2570 plagam3

499 2589 683 2706 adeoque
710 2590 788 2674 duo
821 2585 967 2702 punsla
996 2589 1038 2669 in
1069 2587 1214 2674 eadem
1251 2589 1470 2676 diredlione
1501 2591 1631 2704 'posita
1670 2623 1742 2707 pa·

499 2755 561 2811 res
591 2749 702 2810 erunt
735 2726 917 2813 solutioni
951 2725 1221 2812 ·Problematis
1256 2727 1329 2808 lll.
1368 2731 1408 2809 in
1449 2727 1524 2808 hac
1562 2729 1738 2840 Figura:

498 2857 625 2974 posita
654 2885 786 2948 autem
817 2863 857 2947 E
874 2863 911 2946 G
942 2867 1086 2979 aequali
1117 2864 1230 2948 radio
1271 2862 1537 2966 semicirculi,
1571 2888 1737 2980 tangens

501 2997 569 3081 Gi
598 2995 643 3080 fit
670 2999 860 3114 parallela
887 3002 927 3083 Α
943 2999 1011 3103 B,
1042 3000 1146 3088 unde
1179 2997 1367 3116 pundlum
1393 2996 1433 3079 F
1454 2997 1625 3109 ejusdem
1647 3001 1742 3088 Pro·

498 3134 680 3222 blematis
711 3137 894 3224 solutioni
927 3162 1079 3222 tantum
1106 3137 1290 3220 inservit:
1324 3134 1496 3248 denique
1528 3137 1553 3220 fi
1584 3137 1627 3219 sit
1650 3137 1688 3222 E
1703 3139 1740 3222 G

500 3276 627 3386 major
665 3275 989 3383 semidiametro,
1032 3273 1180 3392 pundla
1224 3270 1365 3357 eadem
1409 3272 1451 3354 F
1452 3271 1493 3386 s
1523 3273 1668 3360 cadent
1701 3277 1742 3358 in

499 3414 717 3496 contrarias
744 3439 898 3527 partes.
928 3415 1050 3498 Ratio
1082 3412 1202 3523 igitur
1229 3409 1411 3493 Maxima
1446 3409 1584 3493 MzK
1611 3441 1742 3526 aequa·
1810 3463 1811 3470 κ

498 3547 545 3630 lis
578 3547 633 3631 est
665 3550 810 3634 rationi
846 3551 941 3634 DC
971 3547 1021 3632 ad
1050 3543 1230 3649 tellam,
1266 3573 1354 3658 quae
1396 3543 1524 3658 potest
1569 3547 1740 3659 quadru-

499 3682 607 3799 plum
649 3683 920 3802 reclangulum
964 3684 996 3765 C
1013 3680 1051 3764 E
1067 3683 1148 3786 D,
1186 3681 1369 3795 adeoque
1414 3681 1596 3768 Maxima
1639 3686 1742 3770 ratio

498 3821 646 3906 M:N
667 3823 733 3911 seu
761 3822 981 3937 redlanguli
1024 3812 1342 3906 ΟΝὒιΕΝ2
1380 3817 1529 3925 (dusla
1576 3849 1646 3933 per
1691 3819 1747 3901 M

500 3983 691 4076 tangente
720 3959 863 4062 MN)
897 3961 1059 4074 aequalis
1091 3957 1147 4046 est
1176 3958 1322 4042 rationi
1355 3956 1540 4070 quadrati
1572 3985 1623 4044 ex
1653 3949 1745 4036 DC
1786 4039 1790 4044 „

498 4099 551 4186 ad
580 4097 840 4214 quadruplum
868 4097 1140 4212 reslangulum
1170 4095 1203 4178 C
1212 4093 1251 4178 E
1263 4094 1335 4179 D.
