3936 5370
668 405 813 516 Μ(
841 438 893 528 9ῑ
924 401 1072 509 W·

241 653 443 770 reem,
494 619 554 754 ae*
601 648 689 754 aa·
742 649 1040 754 rrouema
1066 641 1214 746 »um
1265 641 1451 748 secum
1467 683 1487 768 ·,

242 819 557 962 dispositiones
608 821 888 958 pundomm
939 851 1158 922 novem.
1215 809 1488 917 Geomettae

245 1019 402 1096 atatem
436 986 677 1121 judicem,
715 1027 773 1090 arr
811 989 958 1116 mihi,
990 987 1074 1090 val
1106 982 1265 1125 potius
1295 978 1487 1084 Codici

240 1153 333 1260 bus
378 1161 511 1262 error
554 1156 827 1264 tribuendus
855 1157 917 1262 sit
953 1157 1021 1290 de·
1048 1147 1246 1262 numero
1285 1149 1489 1294 Epitagss

246 1355 422 1427 matum
470 1324 600 1427 Libri
658 1327 840 1466 primi3
899 1322 1071 1429 etenim
1123 1321 1330 1428 Codices
1371 1317 1488 1454 ,Msa

145 1586 155 1606 a
244 1491 551 1595 Bibliothecae
586 1493 856 1614 Savilianae,
892 1492 1123 1598 referente
1160 1489 1375 1624 Hallejo,
1411 1489 1491 1590 ha-

245 1662 387 1787 bent,
424 1662 657 1767 sexdecim
692 1664 780 1768 esse
823 1666 1104 1808 pundorum
1147 1659 1492 1802 dispositiones'‚

247 1829 326 1932 sed
367 1829 576 1968 Hallejus
617 1833 786 1939 fatetur
828 1833 1060 1976 ingenue,
1104 1829 1236 1970 quod
1265 1871 1298 1928 u
1326 1827 1493 1930 'Greca

249 2041 281 2102 t)
318 2003 465 2145 Pappi
501 2004 549 2108 in
585 2007 707 2108 bisce
749 2005 1008 2110 Codicibus
1039 1997 1303 2144 saepiuscule
1338 1993 1494 2098 luxata

250 2212 281 2273 tt
317 2171 446 2296 sunt,
496 2175 548 2276 &
585 2175 838 2312 depravata
857 2213 925 2272 tr.

358 2338 573 2442 Versanti
616 2337 731 2439 mihi
777 2335 942 2460 diuma
988 2369 1163 2455 manu,
1221 2365 1361 2468 atque
1408 2369 1491 2433 no·

250 2507 409 2612 &urna
439 2508 487 2610 in
525 2508 700 2650 Opere
726 2471 976 2660 Apollonii
1014 2499 1234 2639 detegere
1266 2499 1495 2641 contigit,

252 2705 454 2809 quatuor
500 2677 732 2816 postrema
771 2673 879 2774 loca
917 2670 1029 2772 libriv
1068 2670 1206 2808 primi
1251 2669 1346 2773 levi
1392 2709 1495 2774 mu·

250 2839 422 2943 tatione
472 2841 588 2946 sabla
637 2843 892 2948 convenire
938 2881 1049 2947 cum
1092 2841 1251 2984 primis
1295 2875 1497 2980 quatuor

220 3006 622 3112 ·Problematibus
645 3012 906 3148 ¹Trablatus
954 3015 1013 3115 de
1063 3010 1277 3116 Sellione
1321 3010 1494 3111 Deter-

253 3170 448 3274 minata:
485 3177 882 3312 quemadmodum
919 3181 1034 3281 olim
1076 3182 1246 3284 accidit
1279 3180 1498 3313 Hallejo‚

256 3343 336 3480 qui
378 3342 673 3449 Problemata
722 3345 820 3448 duo
872 3345 933 3448 de
982 3345 1197 3450 Sellione
1245 3347 1497 3471 Rationis,
1594 3347 1598 3355 ’

254 3511 307 3614 &
342 3513 401 3614 de
430 3512 643 3616 serlione
675 3515 819 3655 Spatii
855 3515 1249 3651 conjunllissrma²
1281 3551 1334 3618 ac
1371 3513 1497 3652 quasr

258 3715 472 3816 germana
514 3679 605 3784 esse
646 3685 874 3825 cognovit
892 3737 928 3789 .-
948 3686 1058 3790 Hoc
1108 3688 1284 3790 laetatus
1334 3685 1496 3790 inven-

257 3877 310 3946 to
352 3845 575 3984 aggressus
618 3847 717 3953 sum
766 3886 932 3955 caetera
973 3853 1298 3980 Problemata,
1334 3854 1387 3954 ὃ(
1425 3851 1495 3954 se-

258 4011 411 4115 liciter
477 4017 620 4120 incidi
685 4018 734 4122 in
795 4021 1040 4162 Analysrm
1100 4020 1496 4147 Geometricam‚

259 4219 363 4320 quae
389 4181 449 4288 ad
477 4179 716 4296 Lemmata
739 4187 887 4331 Pappi
914 4189 1137 4298 ducebat.
1168 4193 1499 4330 Quamobrem
