3936 5370
248 2755 260 2828 i

495 628 771 734 daibertum
828 622 1014 726 Veteris
1080 617 1394 745 Geometrae,
1453 593 1555 722 tum
1622 643 1736 723 cur'a

493 833 692 940 operum
760 787 1022 930 Analyseos
1099 783 1417 890 Geometricae
1496 787 1736 925 Antiquo-

493 1005 633 1090 rum,
687 1000 801 1102 quae-
847 959 1007 1082 omni·
1034 991 1249 1097 tempore
1296 954 1393 1058 fuit
1421 953 1736 1077 fGeometris,

492 1134 540 1233 in
583 1130 727 1236 causa
764 1131 928 1258 fuere,
967 1141 1063 1230 'cur
1094 1129 1231 1231 'hanc
1283 1145 1435 1228 meam
1486 1126 1738 1230 restitutio·

495 1339 603 1402 nem
653 1299 867 1402 tradatus
917 1289 976 1398 de
1018 1293 1236 1398 Sedione
1279 1292 1601 1396 Determinata
1644 1332 1738 1434 ‚pu-

494 1467 607 1571 blici
640 1467 753 1604 juris
785 1467 1019 1590 facerem3
1051 1465 1110 1566 de
1143 1464 1275 1599 cujus
1309 1463 1607 1567 restitutionis
1637 1461 1740 1566 suc·

495 1635 618 1742 ceffu
664 1673 813 1778 pauca
856 1637 986 1738 lubet
1027 1629 1243 1774 praefari.

426 1907 461 1952 κ
605 1805 938 1913 Cumdidum
968 1801 1110 1944 Opus
1143 1798 1395 1938 Apollonii
1422 1797 1597 1903 summa
1631 1835 1741 1904 curn

497 1985 743 2124 voluptate
790 1971 1069 2118 perlegerim
1113 2007 1167 2073 ea
1207 1965 1417 2088 ratione,
1454 1997 1509 2068 ut
1543 1966 1742 2107 Analysr

494 2149 834 2256 Recentiorum
863 2139 1107 2288 Analyfim
1140 2133 1471 2278 geometricam
1502 2129 1740 2268 Antiquo-

497 2359 604 2424 rum
650 2319 1019 2424 Geometrarum
1059 2311 1428 2450 conjungerem,
1461 2299 1577 2402 mihi
1621 2299 1743 2403 sum-

495 2523 693 2628 mopere
747 2462 996 2626 displicuit·
1038 2481 1199 2582 datum
1259 2508 1353 2574 non
1409 2466 1501 2572 effe
1561 2466 1741 2603 reliqua

497 2653 761 2796 Analyseos
818 2652 985 2792 Opera
1038 2643 1357 2788 perlustrare,
1410 2673 1545 2772 quae.
1580 2633 1744 2770 injuria

473 2857 768 2965 temporum
821 2813 1011 2964 perdita
1066 2815 1210 2920 sunt.
1263 2807 1579 2946 Compertt'rm
1642 2801 1743 2928 est,
1859 2823 1862 2833 '

494 2996 710 3138 Pappum
756 2983 990 3126 reliqui-ise
1050 2980 1219 3104 nobis,
1275 2979 1329 3082 bt
1383 2970 1743 3112 descriptionem

497 3153 720 3301 Operum
774 3159 1007 3262 Veterum
1062 3151 1472 3265 Geometrarum,
1521 3177 1627 3274 quae
1685 3135 1744 3238 ad

498 3329 698 3435 resoluta
731 3329 837 3434 loca
873 3324 1198 3468 pertinebant,
1241 3315 1294 3414 ὅ(
1327 3308 1597 3428 Lemmata,
1638 3303 1743 3441 quae'

498 3500 548 3604 in
589 3497 758 3600 eisdem
796 3494 1040 3636 Operibus
1082 3479 1481 3588 desiderabantur.
1502 3552 1506 3565 .
1525 3471 1748 3576 Confide-

498 3699 596 3774 ητα
632 3665 773 3808 igtur
800 3659 1108 3802 descriptore
1139 3653 1318 3796 oper-n
1347 3647 1646 3773 restituendi,
1682 3644 1748 3748 n-

502 3842 613 3948 veni
644 3834 885 3958 ordinem,
924 3864 1023 3974 quo
1061 3821 1187 3930 idem
1217 3817 1359 3960 Opus
1400 3812 1631 3919 contineri
1669 3811 1747 3914 de-

500 4011 674 4133 bebat,
729 4004 903 4116 scilicet
937 3999 1233 4106 Problemata
1271 3989 1349 4092 sex
1396 3984 1528 4090 Libri
1573 3979 1745 4125 primi,'

498 4177 815 4320 Epitagmate,
845 4175 940 4282 sive
958 4153 1576 4313 dispositiones'pnndorum
1606 4148 1742 4286 quin-
