3958 5366
951 445 1332 552 ωιῦζόῦμω

518 711 645 829 figura
675 705 851 824 gaudeat
879 707 921 790 in
954 729 1126 816 natura,
1172 705 1224 794 ad
1255 706 1456 796 theoriam
1489 711 1596 799 casui
1628 713 1756 800 maxi·

520 879 585 934 me
615 843 783 958 simplici
825 844 1148 960 applicandam,
1198 847 1311 962 posui
1344 847 1558 967 Gurgitem
1607 851 1756 942 habere

518 985 687 1100 liguram
716 987 809 1070 coni
837 987 1040 1091 truncati,
1073 987 1119 1070 δι
1150 1013 1224 1069 vas
1257 982 1334 1072 elle
1368 986 1661 1102 cylindricum.

894 1189 1311 1281 PROBLEMA
1355 1195 1388 1280 1.

634 1410 920 1497 Pnonost'rto
951 1407 982 1493 1.
1029 1405 1159 1494 Pofita
1201 1405 1407 1495 constante
1448 1407 1636 1495 Potentia
1671 1411 1759 1497 flui-

517 1546 611 1631 dum
654 1571 860 1661 premente
904 1551 945 1631 in
980 1545 1154 1636 sectione
1200 1545 1401 1662 superiore
1446 1543 1533 1630 EF
1576 1545 1760 1665 Gurgitis

517 1681 642 1772 EIK
650 1680 691 1765 F
704 1747 717 1788 ,
757 1685 801 1768 8(
833 1683 959 1796 posrta
992 1683 1138 1771 eadem
1170 1685 1322 1796 majore
1356 1681 1574 1770 necellaria
1611 1684 1664 1768 ad
1699 1687 1761 1766 in·

516 1819 744 1910 ducendam
793 1820 904 1906 illam
938 1818 1069 1906 status
1117 1821 1383 1906 mutationem
1430 1844 1561 1906 ortam
1599 1819 1762 1908 transrtu

519 1958 629 2044 fluidi
670 1957 899 2046 asettione
942 1956 994 2044 ad
1035 1957 1281 2060 sediionem3
1329 1953 1504 2072 denique
1540 1956 1663 2042 fluido
1710 1959 1763 2044 ad

519 2098 698 2184 libellam
729 2097 817 2185 EF
856 2097 1081 2186 constanter
1110 2097 1270 2184 servato
1306 2123 1355 2180 ea
1390 2125 1481 2180 cum
1508 2094 1762 2200 velocitate,

519 2267 641 2353 quam
674 2243 846 2355 acquirit
884 2242 927 2324 in
967 2236 1181 2340 descensu;
1224 2235 1495 2346 determinare
1525 2233 1660 2347 legent
1692 2259 1763 2316 ac-

458 2445 464 2454 .
519 2377 773 2462 celerationis
802 2374 915 2454 fluidi
946 2376 987 2450 in
1019 2371 1103 2478 ipsa
1130 2371 1335 2477 superiori-
1352 2373 1528 2456 sectione
1559 2373 1667 2453 EF.

637 2507 903 2616 Concipiatur
937 2501 1092 2612 reliqua
1123 2496 1224 2604 vasrs
1255 2528 1346 2616 pars
1376 2501 1463 2587 ΑΕ
1470 2503 1552 2588 FB
1589 2507 1764 2594 constan-

520 2668 582 2734 ter
614 2641 737 2730 fluido
766 2639 951 2755 repleta,
997 2668 1127 2752 eaque
1146 2637 1381 2755 'velocitate
1413 2645 1608 2758 praedita,
1643 2679 1765 2763 quarn

519 2780 643 2896 habet
689 2777 853 2864 fluidum
899 2779 941 2860 in
987 2773 1179 2890 superiori
1210 2772 1392 2895 Gurgitis
1434 2781 1609 2903 sedione
1654 2782 1693 2866 E
1700 2782 1741 2865 F
1749 2822 1763 2887 3

521 2917 617 3004 dum
646 2941 784 3018 autem
814 2916 992 3013 fluidum*
1012 2905 1214 3034 deciderit
1245 2915 1298 3000 ab
1327 2909 1537 3008 altitudine
1564 2921 1606 3003 A
1614 2923 1703 3003 C=
1713 2955 1765 3023 x,

521 3057 562 3136 in
588 3052 784 3168 pradilia
810 3054 919 3139 ,vasis
951 3079 1066 3170 parte
1098 3053 1141 3136 A
1149 3052 1186 3137 E
1193 3049 1275 3137 FB
1315 3056 1465 3145 habeat
1496 3058 1762 3146 velocitatem

527 3187 594 3273 V.
629 3189 759 3277 Posrta
787 3190 961 3283 sectione
992 3190 1031 3277 E
1046 3191 1088 3274 F
1096 3233 1148 3264 π
1164 3192 1206 3274 A
1221 3191 1261 3274 B
1277 3235 1330 3265 --
1345 3229 1369 3275 a
1416 3195 1590 3281 sedlione
1620 3198 1763 3282 minori

524 3326 555 3410 I
561 3330 607 3414 K
622 3373 674 3402 =
689 3330 712 3414 b
726 3395 742 3434 ,
770 3333 813 3417 in
841 3333 984 3448 quovis
1003 3327 1185 3445 Gurgitis
1214 3327 1285 3413 srtu
1314 3327 1489 3418 sellione
1520 3323 1573 3414 N
1582 3327 1622 3413 R
1640 3370 1692 3404 =
1696 3365 1734 3446 y
1749 3393 1763 3436 ‚

521 3469 566 3554 &
607 3474 649 3552 in
678 3473 821 3556 eadem
849 3469 1024 3556 sectione
1068 3493 1223 3554 vocata
1253 3469 1476 3555 velocitate
1518 3502 1639 3573 =u,
1684 3470 1760 3555 erit

522 3641 744 3722 satyr-lu:
769 3609 834 3715 V,
882 3633 925 3693 ut
968 3608 1114 3696 eodem
1143 3633 1325 3726 ternpore
1371 3606 1515 3698 eadem
1560 3609 1762 3722 quantitas

523 3747 634 3834 fluidi
662 3747 837 3837 diversas
868 3745 1060 3834 settiones
1090 3781 1139 3854 a,
1162 3745 1485 3862 yperttanseat.
1517 3743 1764 3862 Quareletit

524 3951 617 4003 με
636 3901 749 4021 ΔΚ,
793 3919 839 4004 8(
873 3915 1178 4005 differentiando
1208 3919 1283 4004 erit
1318 3917 1347 4001 d
1357 3947 1549 3998 u=--a
1566 3915 1613 3998 V
1620 3892 1762 4022 -d-{at-

664 4009 688 4067 y
1635 4013 1660 4072 J

521 4072 658 4197 M,
689 4094 799 4205 cujus
827 4091 973 4205 primus
1002 4092 1192 4176 terminus
1223 4089 1376 4202 prabet
1405 4085 1622 4176 fluxionem
1650 4081 1765 4172 velo·

566 4182 590 4240 y

522 4265 736 4370 citarista,
771 4262 867 4348 dum
896 4253 1059 4348 fluidum
1104 4289 1129 4344 a
1158 4255 1333 4347 setiione
1365 4260 1509 4372 majori
1553 4251 1603 4338 ad
1620 4253 1764 4340 'mino-
