3920 5372
943 375 1091 481 onds}
1123 387 1176 466 26
1203 376 1346 484 teau

643 625 995 712 Conottautun.
1022 612 1052 695 1.
1088 608 1242 696 Eodem
1278 614 1490 701 ratiocinio
1524 614 1766 704 demonstra-

526 760 632 848 bitur
660 789 731 874 pet
761 751 913 844 Coroll.
943 751 973 838 l.
1004 751 1123 867 Prop.
1155 750 1208 834 X.
1225 813 1240 853 ,
1284 752 1393 867 quod
1437 752 1465 838 sr
1512 754 1557 839 stt
1593 750 1766 842 sesiiob

526 901 678 1000 minor,
706 896 860 983 caereris
888 889 1048 1007 paribus
1073 891 1228 987 seilicet
1257 895 1542 1008 quantitatibus
1567 929 1616 998 a,
1639 929 1681 1002 c,
1706 896 1764 1002 C,

524 1029 712 1122 conficiet
761 1034 923 1120 fluidum
966 1031 1151 1119 eamdem
1199 1032 1450 1122 altitudinem
1479 1068 1510 1118 x
1540 1036 1581 1118 in
1626 1035 1767 1148 majori

528 1194 738 1290 tempore.
1612 1281 1617 1290 ι

638 1313 908 1399 Conottnn.
938 1316 985 1401 ll.
1020 1313 1053 1398 Ε
1083 1316 1283 1402 contrario
1314 1338 1447 1402 autem
1473 1311 1501 1397 sr
1530 1309 1692 1401 seslioa
1721 1307 1766 1393 srt

522 1448 673 1557 minor,
691 1452 736 1535 &
751 1453 994 1567 quantitates
1007 1451 1052 1559 b,
1068 1484 1108 1558 c,
1129 1451 1390 1537 Cstatuantur
1405 1453 1576 1555 eadem,
1601 1449 1764 1534 liuidum

525 1585 715 1696 conficiet
741 1594 783 1676 in
808 1597 955 1683 minori
978 1585 1165 1712 tempore
1188 1571 1389 1683 'eamdem
1425 1588 1678 1682 altitudinem
1704 1592 1764 1678 x}

895 1871 1297 1961 PROBLEMA
1341 1871 1397 1954 V.
1521 1933 1526 1939 .

348 2142 502 2240 ΠΜ
599 2246 602 2255 Ι
635 2141 920 2238 Pnorostrro
952 2151 1058 2240 XIII.
1089 2147 1219 2236 Pofita
1248 2145 1427 2263 Gurgitis
1455 2139 1629 2230 seilione
1663 2135 1763 2224 infe·

519 2275 623 2368 tiore
649 2281 679 2366 I
684 2285 737 2369 K
757 2293 900 2406 majori
927 2289 1103 2378 sessione
1130 2287 1330 2404 superiore
1361 2279 1476 2388 EF,
1505 2282 1546 2362 in
1573 2306 1653 2393 qua
1680 2275 1766 2359 flui-

518 2416 612 2502 dum
640 2422 753 2507 initio
775 2425 897 2509 habet
921 2425 1058 2534 datam
1082 2422 1347 2502 velocitatem
1380 2422 1413 2493 C
1427 2455 1440 2514 ;
1470 2440 1666 2528 praeterea
1697 2436 1764 2520 ap·

522 2550 675 2664 plicata
710 2553 761 2635 ad
791 2551 821 2632 I
828 2552 878 2634 K
901 2551 1086 2637 Potentia
1115 2534 1292 2638 costante
1328 2581 1413 2637 non
1452 2551 1596 2636 minori
1624 2547 1763 2636 neces·

517 2686 617 2772 saria
669 2687 720 2774 ad
761 2685 1011 2776 formandum
1054 2691 1268 2808 Gurgitem
1316 2691 1399 2777 EI
1406 2690 1455 2775 K
1466 2691 1508 2774 F
1519 2730 1533 2797 3
1585 2689 1760 2806 denique

518 2820 641 2911 fluido
677 2824 726 2911 ad
756 2830 940 2918 eamdem
966 2829 1141 2918 libellam
1166 2829 1266 2914 EF
1285 2818 1514 2914 constantes
1537 2828 1694 2915 servato
1715 2855 1762 2913 ea

518 2965 888 3074 cum'velocitate‚
916 2954 1038 3084 'quam
1061 2969 1240 3084 'acquirit
1268 2969 1309 3051 in
1331 2965 1553 3075 descensu,
1581 2967 1761 3055 determi·
1819 2999 1824 3006 ·

515 3128 613 3185 nare
637 3097 781 3218 legem
800 3103 1068 3226 veloeitatum
1096 3104 1211 3223 ipsius
1240 3107 1351 3194 fluidi
1378 3107 1420 3191 in
1445 3104 1636 3222 superiori
1659 3099 1764 3188 Gur-

512 3233 609 3350 gitis
637 3233 811 3335 seliiione
839 3228 961 3333 EF.
1013 3261 1017 3270 ’
1079 3256 1087 3281 ’
1574 3245 1595 3258 ”

498 3463 503 3470 .
630 3379 901 3499 Concipiatur
924 3415 1003 3471 vas
1030 3383 1074 3468 A
1089 3381 1128 3470 E
1142 3381 1185 3467 F
1193 3383 1233 3468 B
1263 3383 1491 3471 constanter
1531 3375 1653 3462 fluido
1694 3406 1757 3465 re·

513 3516 668 3630 pletum
694 3547 747 3605 ea
773 3549 867 3604 curn
888 3521 1139 3624 velocitate,
1166 3551 1288 3638 quam
1317 3520 1440 3606 habet
1469 3514 1575 3601 idem
1597 3511 1759 3616 fluidum

499 3645 556 3740 ¹in
583 3654 982 3780 superioriGurgitis
1007 3658 1188 3749 senione
1219 3657 1262 3746 E
1276 3657 1317 3743 F
1329 3697 1343 3763 3
1379 3657 1472 3742 dum
1506 3675 1639 3738 autem
1669 3650 1759 3738 flui-

514 3794 609 3882 dum
636 3794 832 3884 deciderit
853 3798 912 3885 ¹¹ab
936 3785 1150 3885 altitudine
1177 3795 1222 3880 A
1240 3798 1338 3879 C==
1353 3785 1414 3901 κ’,
1437 3783 1586 3879 habeat
1614 3794 1656 3877 in
1689 3819 1760 3880 va·

514 3933 555 4020 se
585 3935 848 4028 velocitatem
879 3939 931 4027 V
940 3999 951 4024 .
978 3939 1182 4027 Pretetea
1229 3935 1480 4050 concipiatur
1511 3927 1668 4049 Gurges
1697 3927 1758 4016 di·

512 4071 631 4159 visus'.
645 4079 685 4160 in
713 4075 834 4163 strata
858 4078 1027 4192 aequalia
1055 4075 1110 4160 N
1116 4071 1229 4158 nrli
1244 4113 1297 4146 ==
1314 4070 1379 4156 ad
1389 4101 1419 4154 x
1438 4107 1451 4174 3
1478 4069 1583 4158 unde
1605 4089 1758 4164 vocata

508 4210 729 4303 sessionum
755 4210 841 4296 EF
845 4275 862 4325 ‚
891 4211 945 4302 N
951 4209 1207 4302 Rdistantia
1241 4209 1457 4328 ρους
1468 4205 1567 4313 ,N
1575 4204 1685 4294 sia
1690 4237 1758 4328 y,
