3958 5366
959 443 1337 558 “roscidae

523 752 683 888 quitur
719 744 1032 890 applicatione
1068 745 1186 850 faeta
1227 779 1343 850 meae
1385 740 1580 846 theoriae
1625 777 1759 882 gene

521 895 629 997 ralis
671 895 731 996 ad
774 895 929 997 casum
973 890 1354 993 determinatum.
1406 887 1635 1034 Praeterea
1679 885 1760 992 de-

519 1037 768 1142 terminavi
807 1072 993 1178 tempus
1035 1031 1272 1138 descensus
1309 1031 1440 1148 fluidi
1482 1071 1567 1172 per
1599 1069 1761 1168 quam-

521 1183 593 1286 vis
645 1181 978 1309 altitudinem,
1038 1181 1170 1346 quod
1225 1178 1527 1284 necessarium
1580 1177 1646 1278 est
1703 1180 1763 1280 ad

523 1328 726 1466 ejusdem
769 1329 901 1433 fluidi
944 1358 1099 1435 motus
1136 1325 1340 1432 intimius
1377 1323 1761 1469 cognoscendos;

521 1473 725 1612 indeque
769 1473 1119 1602 velocitatum,
1171 1509 1224 1575 ac
1277 1509 1548 1615 temporum
1593 1507 1761 1574 curvas

522 1618 764 1760 descripsi,
811 1659 872 1723 ex
914 1619 1083 1755 quibus
1126 1617 1446 1724 Theoremata
1491 1616 1645 1720 eidem
1687 1655 1761 1718 ar·

521 1799 745 1901 gumento
780 1803 877 1868 non
915 1763 1092 1867 inutilia
1130 1763 1372 1866 derivant
1419 1765 1474 1864 In
1511 1761 1761 1901 hypothesi

519 1911 848 2016 Bernoulliana
866 1907 1077 2049 Gurgitis
1109 1904 1383 2012 infinitesrmi
1419 1906 1765 2068 demonstravi,

521 2057 834 2160 velocitatis
823 2087 1194 2178 incrementum,
1238 2052 1369 2189 quod
1414 2047 1615 2188 acquirit
1656 2048 1761 2150 flui-

519 2197 633 2302 dum
689 2201 893 2337 ejusdem
936 2198 1148 2336 Gurgitis
1202 2235 1262 2300 cx
1315 2195 1448 2300 auda
1505 2182 1764 2329 velocitate

518 2345 677 2467 vasis,¹
727 2345 816 2442 esse
875 2341 1216 2443 infinitesrmum
1277 2343 1422 2442 relate
1479 2341 1538 2440 ad
1598 2338 1760 2458 illud,

518 2485 651 2618 quod
685 2482 810 2580 idem
848 2481 1045 2581 fluidum
1086 2476 1286 2614 acquirit
1334 2477 1513 2582 ratione
1549 2479 1761 2586 transitus

516 2624 777 2760 asettione
816 2622 983 2758 majori
1019 2622 1078 2726 ad
1116 2623 1374 2749 minorem3
1411 2664 1517 2762 quae
1548 2664 1621 2727 res
1657 2624 1763 2766 supa

516 2768 665 2906 posita
713 2803 842 2874 erat
899 2766 1124 2906 Denique
1174 2767 1275 2872 haec
1325 2703 1508 2874 tiieoria
1557 2771 1758 2870 demon·-

517 2913 684 3020 stratur
725 2952 852 3016 nova
891 2912 1150 3031 method0,
1194 2950 1248 3016 ea
1285 2911 1460 3016 scilicet
1496 2905 1757 3035 duonum,

520 3093 625 3194 quae
669 3058 870 3160 maxima
917 3057 1113 3163 utilitate
1167 3057 1227 3162 ad
1278 3057 1539 3163 difficiliora
1590 3062 1757 3200 Dyna-

517 3203 662 3308 mices
722 3203 1017 3310 Problemata
1074 3202 1303 3340 applicata
1356 3203 1491 3303 fuit.
1549 3203 1756 3340 Ingenue

518 3382 673 3453 autem
731 3349 912 3473 fatear,
975 3346 1105 3483 quod
1135 3343 1386 3484 pradissae
1439 3345 1649 3449 methodi
1697 3349 1757 3454 ad

516 3493 856 3633 Hydraulicam
905 3491 1126 3597 transsatae
1172 3488 1407 3629 specimen
1452 3491 1567 3594 mihi
1621 3503 1754 3596 com·

515 3637 802 3741 municatum
844 3637 934 3742 fuit
981 3679 1008 3742 a
1049 3635 1363 3798 celeberrimo
1411 3637 1754 3752 Mathematico

513 3781 566 3884 P.
612 3783 868 3887 Vincentio
918 3782 1143 3910 Riccati‚
1199 3780 1277 3916 cuj
1279 3822 1331 3887 us
1386 3781 1578 3885 consilio
1634 3803 1752 3924 opu's

516 3927 678 4030 hoc
665 3963 959 4072 inceptum,
1014 3821 1315 4070 postmoduin
1373 3966 1493 4032 vero
1549 3927 1751 4064 ejusdem

516 4074 788 4180 audoritate
824 4075 1001 4181 editum
1037 4077 1102 4180 est
1132 4114 1224 4182 una
1258 4111 1368 4180 cum
1407 4073 1598 4212 reliquis
1632 4071 1751 4176 duo

514 4221 600 4326 bus
641 4219 921 4363 opusculis·
